@book{Hartley2004,
  author    = {Hartley, R.~I. and Zisserman, A.},
  title     = {Multiple View Geometry in Computer Vision},
  edition   = {Second},
  year      = {2004},
  publisher = {Cambridge University Press, ISBN: 0521540518}
}

@article{singlecamrev,
  author  = {Pan, Bing and Yu, Liping and Zhang, Qianbing},
  year    = {2017},
  month   = {09},
  pages   = {1-19},
  title   = {Review of single-camera stereo-digital image correlation techniques for full-field 3D shape and deformation measurement},
  volume  = {61},
  journal = {Science China Technological Sciences},
  doi     = {10.1007/s11431-017-9090-x}
}

@article{singlecam,
  author  = {Dong, Bo and Zeng, Fancang and Pan, Bing},
  journal = {Sensors(Basel)},
  number  = {},
  title   = {A Simple and Practical Single-Camera Stereo-Digital Image Correlation Using a Color Camera and X-Cube Prism},
  volume  = {19(21)},
  year    = {2019}
}
%TODO: and -> и
@article{rusoverview,
  author  = {Вахитов, Александр and Гуревич, Лев and Павленко, Дмитрий},
  journal = {Стохастическая оптимизация в информатике},
  number  = {1},
  title   = {Обзор алгоритмов стереозрения},
  volume  = {4},
  year    = {2008}
}

@article{lipson2021raft,
  title   = {{RAFT-Stereo: Multilevel Recurrent Field Transforms for Stereo Matching}},
  author  = {Lipson, Lahav and Teed, Zachary and Deng, Jia},
  journal = {arXiv preprint arXiv:2109.07547},
  year    = {2021}
}

@article{dynamic_prog,
  author  = {Ohta, Yuichi and Kanade, Takeo},
  journal = {IEEE Transactions on Pattern Analysis and Machine Intelligence},
  title   = {Stereo by Intra- and Inter-Scanline Search Using Dynamic Programming},
  year    = {1985},
  volume  = {PAMI-7},
  number  = {2},
  pages   = {139-154},
  doi     = {10.1109/TPAMI.1985.4767639}
}

@article{twosizewindow,
  title     = {Window-based approach for fast stereo correspondence},
  author    = {Gupta, Raj Kumar and Cho, Siu-Yeung},
  journal   = {IET Computer Vision},
  volume    = {7},
  number    = {2},
  pages     = {123--134},
  year      = {2013},
  publisher = {IET}
}


@InProceedings{ncceval,
  author       = {Hirschmuller, Heiko and Scharstein, Daniel},
  title        = {Evaluation of Cost Functions for Stereo Matching},
  booktitle    = {2007 IEEE Conference on Computer Vision and Pattern Recognition},
  year         = {2007},
  pages        = {1-8}
}

@inproceedings{ekstrand2015high,
  title={High-speed segmentation-driven high-resolution matching},
  author={Ekstrand, Fredrik and Ahlberg, Carl and Ekstr{\"o}m, Mikael and Spampinato, Giacomo},
  booktitle={Seventh International Conference on Machine Vision (ICMV 2014)},
  volume={9445},
  pages={94451Y},
  year={2015},
  organization={International Society for Optics and Photonics}
}

@inproceedings{modsift,
  title={Efficient stereo matching algorithm with edge-detecting},
  author={Liu, Jing and Sang, Xinzhu and Jia, Changxin and Guo, Nan and Liu, Yangdong and Shi, Guozhong},
  booktitle={Optoelectronic Imaging and Multimedia Technology III},
  volume={9273},
  pages={927335},
  year={2014},
  organization={International Society for Optics and Photonics}
}