@Book{Hartley2004,
    author = "Hartley, R.~I. and Zisserman, A.",
    title = "Multiple View Geometry in Computer Vision",
    edition = "Second",
    year = "2004",
    publisher = "Cambridge University Press, ISBN: 0521540518"
}

@article{singlecamrev,
author = {Pan, Bing and Yu, Liping and Zhang, Qianbing},
year = {2017},
month = {09},
pages = {1-19},
title = {Review of single-camera stereo-digital image correlation techniques for full-field 3D shape and deformation measurement},
volume = {61},
journal = {Science China Technological Sciences},
doi = {10.1007/s11431-017-9090-x}
}

@article{singlecam,
  author          = {Dong, Bo and Zeng, Fancang and Pan, Bing},
  journal         = {Sensors(Basel)},
  number          = {},
  title           = {A Simple and Practical Single-Camera Stereo-Digital Image Correlation Using a Color Camera and X-Cube Prism},
  volume          = {19(21)},
  year            = {2019}
}

@article{rusoverview,
  author          = {Вахитов, Александр и Гуревич, Лев и Павленко, Дмитрий},
  journal         = {Стохастическая оптимизация в информатике},
  number          = {1},
  title           = {Обзор алгоритмов стереозрения},
  volume          = {4},
  year            = {2008}
}

@ARTICLE{opencv_model,  
author={Kannala, J. and Brandt, S.S.},  
journal={IEEE Transactions on Pattern Analysis and Machine Intelligence},   
title={A generic camera model and calibration method for conventional, wide-angle, and fish-eye lenses},   
year={2006},  
volume={28},  
number={8},  
pages={1335-1340},  
doi={10.1109/TPAMI.2006.153}
}

